@MISC{knapp,
	title={{The Knapsack Problem}},
	howpublished = "\url{https://en.wikipedia.org/wiki/Knapsack_problem}"
}