@inbook{cormen,
 author = {Cormen, Thomas H. and Stein, Clifford and Rivest, Ronald L. and Leiserson, Charles E.},
 title = {Introduction to Algorithms},
 year = {2001},
 chapter = {17.3},
 isbn = {0070131511},
 edition = {2nd},
 publisher = {McGraw-Hill Higher Education}
}