@MISC{knapp,
	title={{The Knapsack Problem}},
	howpublished = "\url{https://en.wikipedia.org/wiki/Knapsack_problem}"
}


@MISC{backsust,
	title={{Backwards Substitution}},
	howpublished = "\url{https://en.wikipedia.org/wiki/Triangular_matrix#Forward_and_back_substitution}"
}