@MISC{knapp,
	title={{The Knapsack Problem}},
	howpublished = "\url{https://en.wikipedia.org/wiki/Knapsack_problem}"
}


@MISC{pushback,
	title={{push\_back}},
	howpublished = "\url{http://www.cplusplus.com/reference/vector/vector/push_back/}"
}

@inbook{cormenkarp,
 author = {Cormen, Thomas H. and Stein, Clifford and Rivest, Ronald L. and Leiserson, Charles E.},
 title = {Introduction to Algorithms},
 year = {2001},
 pages = 669,
 isbn = {0070131511},
 edition = {2nd},
 publisher = {McGraw-Hill Higher Education}
} 